%% This BibTeX bibliography file was created using BibDesk.
%% http://bibdesk.sourceforge.net/


%% Created for Nicholas Chaimov at 2012-06-04 01:39:21 -0700 


%% Saved with string encoding Unicode (UTF-8) 



@article{stxxl,
	Author = {Dementiev, R. and Kettner, L. and Sanders, P.},
	Date-Added = {2012-06-04 07:49:56 +0000},
	Date-Modified = {2012-06-04 07:49:59 +0000},
	Doi = {10.1002/spe.844},
	Issn = {1097-024X},
	Journal = {Software: Practice and Experience},
	Keywords = {very large data sets, software library, C++ standard template library, algorithm engineering},
	Number = {6},
	Pages = {589--637},
	Publisher = {John Wiley & Sons, Ltd.},
	Title = {STXXL: standard template library for XXL data sets},
	Url = {http://dx.doi.org/10.1002/spe.844},
	Volume = {38},
	Year = {2008},
	Bdsk-Url-1 = {http://dx.doi.org/10.1002/spe.844}}

@inproceedings{taucuda,
	Acmid = {1810105},
	Address = {New York, NY, USA},
	Author = {Malony, Allen D. and Biersdorff, Scott and Spear, Wyatt and Mayanglambam, Shangkar},
	Booktitle = {Proceedings of the 24th ACM International Conference on Supercomputing},
	Date-Added = {2012-06-04 07:29:28 +0000},
	Date-Modified = {2012-06-04 07:29:31 +0000},
	Doi = {10.1145/1810085.1810105},
	Isbn = {978-1-4503-0018-6},
	Keywords = {GPGPU, performance tools, profiling, tracing},
	Location = {Tsukuba, Ibaraki, Japan},
	Numpages = {10},
	Pages = {127--136},
	Publisher = {ACM},
	Series = {ICS '10},
	Title = {An experimental approach to performance measurement of heterogeneous parallel applications using CUDA},
	Url = {http://doi.acm.org/10.1145/1810085.1810105},
	Year = {2010},
	Bdsk-Url-1 = {http://doi.acm.org/10.1145/1810085.1810105},
	Bdsk-Url-2 = {http://dx.doi.org/10.1145/1810085.1810105}}

@book{svm,
	Author = {Ingo Steinwart and Andreas Christmann},
	Date-Added = {2012-06-03 21:56:28 +0000},
	Date-Modified = {2012-06-03 21:58:15 +0000},
	Isbn = {978-0-387-77241-7},
	Publisher = {Springer-Verlag},
	Title = {Support Vector Machines},
	Year = {2008}}

@inproceedings{polytope,
	Author = {Martin Griebl and Christian Lengauer and Sabine Wetzel},
	Booktitle = {In IEEE PACT},
	Date-Added = {2012-06-02 23:43:18 +0000},
	Date-Modified = {2012-06-02 23:43:22 +0000},
	Pages = {106--111},
	Publisher = {IEEE Computer Society Press},
	Title = {Code Generation in the Polytope Model},
	Year = {1998}}

@article{papi,
	Acmid = {1057156},
	Address = {Thousand Oaks, CA, USA},
	Author = {Browne, S. and Dongarra, J. and Garner, N. and Ho, G. and Mucci, P.},
	Date-Added = {2012-06-02 23:25:42 +0000},
	Date-Modified = {2012-06-02 23:25:46 +0000},
	Doi = {10.1177/109434200001400303},
	Issn = {1094-3420},
	Issue_Date = {August 2000},
	Journal = {Int. J. High Perform. Comput. Appl.},
	Month = aug,
	Number = {3},
	Numpages = {16},
	Pages = {189--204},
	Publisher = {Sage Publications, Inc.},
	Title = {A Portable Programming Interface for Performance Evaluation on Modern Processors},
	Url = {http://dx.doi.org/10.1177/109434200001400303},
	Volume = {14},
	Year = {2000},
	Bdsk-Url-1 = {http://dx.doi.org/10.1177/109434200001400303}}

@inbook{end-to-end,
	Annote = {doi:10.1201/b10509-11},
	Author = {Jeffrey Hollingsworth and Ananta Tiwari},
	Booktitle = {Performance Tuning of Scientific Applications},
	Chapter = {10},
	Date-Added = {2012-06-02 22:08:48 +0000},
	Date-Modified = {2012-06-04 08:38:37 +0000},
	Doi = {doi:10.1201/b10509-11},
	Isbn = {978-1-4398-1569-4},
	M1 = {0},
	M3 = {doi:10.1201/b10509-11},
	Month = {June},
	Pages = {217--238},
	Publisher = {CRC Press},
	Sp = {217-238},
	Title = {End-to-End Auto-Tuning with Active Harmony},
	Title1 = {Chapman \& Hall/CRC Computational Science},
	Ty = {CHAP},
	Url = {http://dx.doi.org/10.1201/b10509-11},
	Year = {2010},
	Year1 = {2010/11/23},
	Bdsk-Url-1 = {http://dx.doi.org/10.1201/b10509-11}}

@article{hpctoolkit,
	Author = {Adhianto, L. and Banerjee, S. and Fagan, M. and Krentel, M. and Marin, G. and Mellor-Crummey, J. and Tallent, N. R.},
	Date-Added = {2012-06-02 03:46:58 +0000},
	Date-Modified = {2012-06-02 06:32:22 +0000},
	Doi = {10.1002/cpe.1553},
	Issn = {1532-0634},
	Journal = {Concurrency and Computation: Practice and Experience},
	Keywords = {performance tools, call path profiling, tracing, binary analysis, execution monitoring},
	Number = {6},
	Pages = {685--701},
	Publisher = {John Wiley & Sons, Ltd.},
	Title = {{HPCTOOLKIT}: tools for performance analysis of optimized parallel programs},
	Url = {http://dx.doi.org/10.1002/cpe.1553},
	Volume = {22},
	Year = {2010},
	Bdsk-Url-1 = {http://dx.doi.org/10.1002/cpe.1553}}

@incollection{orio3,
	Author = {Boyana Norris and Albert Hartono and William Gropp},
	Booktitle = {Petascale Computing: {A}lgorithms and Applications},
	Date-Added = {2012-06-02 03:11:54 +0000},
	Date-Modified = {2012-06-02 03:11:58 +0000},
	Note = {Preprint ANL/MCS-P1392-0107},
	Pages = {443-462},
	Publisher = {Chapman \& Hall / CRC Press, Taylor and Francis Group},
	Series = {Computational Science},
	Title = {Annotations for Productivity and Performance Portability},
	Url = {http://www.mcs.anl.gov/uploads/cels/papers/P1392.pdf},
	Year = {2007},
	Bdsk-Url-1 = {http://www.mcs.anl.gov/uploads/cels/papers/P1392.pdf}}

@inproceedings{orio2,
	Author = {Albert Hartono and Muthu Manikandan Baskaran and C\'edric Bastoul and Albert Cohen and Sriram Krishnamoorth and Boyana Norris and J. Ramanujam and P. Sadayappan},
	Booktitle = {Proceedings of the 23rd International Conference on Supercomputing, June 8-12, 2009, IBM T. J. Watson Research Center, Yorktown Heights, NY, USA},
	Date-Added = {2012-06-02 03:11:31 +0000},
	Date-Modified = {2012-06-02 03:11:35 +0000},
	Myurl = {ftp://ftp.cse.ohio-state.edu/pub/tech-report/2009/TR04.pdf},
	Note = {Also available as Tech. Report OSU-CISRC-2/09--TR04},
	Title = {{PrimeTile}: {A} Parametric Multi-Level Tiler for Imperfect Loop Nests},
	Url = {http://www.cse.ohio-state.edu/~hartonoa/papers/ics09-ext.pdf},
	Year = {2009},
	Bdsk-Url-1 = {http://www.cse.ohio-state.edu/~hartonoa/papers/ics09-ext.pdf}}

@inproceedings{orio,
	Address = {Rome, Italy},
	Author = {Albert Hartono and Boyana Norris and Ponnuswamy Sadayappan},
	Booktitle = {Proceedings of the 23rd IEEE International Parallel \& Distributed Processing Symposium},
	Date-Added = {2012-06-02 03:11:09 +0000},
	Date-Modified = {2012-06-02 03:11:13 +0000},
	Mykeywords = {empirical performance tuning, code generation},
	Mynote = {submitted 10/3/2008; 100 accepted out of 440, 23\%},
	Note = {Also available as Preprint ANL/MCS-P1556-1008},
	Title = {Annotation-Based Empirical Performance Tuning Using {Orio}},
	Url = {http://www.mcs.anl.gov/uploads/cels/papers/P1556.pdf},
	Year = {2009},
	Bdsk-Url-1 = {http://www.mcs.anl.gov/uploads/cels/papers/P1556.pdf}}

@inproceedings{isolator,
	Acmid = {2137525},
	Address = {Berlin, Heidelberg},
	Author = {Lee, Yoon-Ju and Hall, Mary},
	Booktitle = {Proceedings of the 17th international conference on Languages and Compilers for High Performance Computing},
	Date-Added = {2012-06-02 03:02:10 +0000},
	Date-Modified = {2012-06-02 03:02:15 +0000},
	Doi = {10.1007/11532378_13},
	Isbn = {3-540-28009-X, 978-3-540-28009-5},
	Location = {West Lafayette, IN},
	Numpages = {15},
	Pages = {164--178},
	Publisher = {Springer-Verlag},
	Series = {LCPC'04},
	Title = {A code isolator: isolating code fragments from large programs},
	Url = {http://dx.doi.org/10.1007/11532378_13},
	Year = {2005},
	Bdsk-Url-1 = {http://dx.doi.org/10.1007/11532378_13}}

@inproceedings{fftw,
	Author = {Matteo Frigo and Steven and G. Johnson},
	Booktitle = {Proceedings of the IEEE},
	Date-Added = {2012-06-01 04:59:14 +0000},
	Date-Modified = {2012-06-03 04:50:59 +0000},
	Pages = {216--231},
	Title = {The design and implementation of {FFTW3}},
	Year = {2005}}

@inproceedings{adapt,
	Acmid = {2000422},
	Address = {New York, NY, USA},
	Author = {Goumas, Georgios and McKee, Sally A. and Sj\"{a}lander, Magnus and Gross, Thomas R. and Karlsson, Sven and Probst, Christian W. and Zhang, Lixin},
	Booktitle = {Proceedings of the 1st International Workshop on Adaptive Self-Tuning Computing Systems for the Exaflop Era},
	Date-Added = {2012-05-31 07:16:12 +0000},
	Date-Modified = {2012-05-31 07:16:20 +0000},
	Doi = {10.1145/2000417.2000422},
	Isbn = {978-1-4503-0708-6},
	Keywords = {high-efficiency computing, runtime adaptation, specialization},
	Location = {San Jose, California},
	Numpages = {6},
	Pages = {46--51},
	Publisher = {ACM},
	Series = {EXADAPT '11},
	Title = {Adapt or become extinct!: the case for a unified framework for deployment-time optimization (position paper)},
	Url = {http://doi.acm.org/10.1145/2000417.2000422},
	Year = {2011},
	Bdsk-Url-1 = {http://doi.acm.org/10.1145/2000417.2000422},
	Bdsk-Url-2 = {http://dx.doi.org/10.1145/2000417.2000422}}

@inproceedings{perfdmf,
	Author = {Kevin A. Huck and Allen D. Malony and Robert Bell and Alan Morris},
	Booktitle = {Proceedings of the International Conference on Parallel Computing},
	Date-Added = {2012-05-31 07:12:19 +0000},
	Date-Modified = {2012-05-31 07:12:27 +0000},
	Pages = {473--482},
	Title = {Design and Implementation of a Parallel Performance Data Management Framework},
	Year = {2005}}

@mastersthesis{shreyas,
	Author = {Shreyas Ramalingam},
	Date-Added = {2012-05-30 06:19:58 +0000},
	Date-Modified = {2012-05-30 06:21:44 +0000},
	School = {University of Utah},
	Title = {Improving high-performance sparse libraries using compiler assisted specialization: a {PETSC} (portable, extensible toolkit for scientific computation) case study},
	Year = {2012}}

@mastersthesis{rudy,
	Author = {Gabe Rudy},
	School = {University of Utah},
	Title = {{CUDA-CHiLL}: A Programming Language Interface for {GPGPU} Optimization and Code Generation},
	Year = {2010}}

@inproceedings{nek5000,
	Acmid = {1810120},
	Address = {New York, NY, USA},
	Author = {Shin, Jaewook and Hall, Mary W. and Chame, Jacqueline and Chen, Chun and Fischer, Paul F. and Hovland, Paul D.},
	Booktitle = {Proceedings of the 24th ACM International Conference on Supercomputing},
	Doi = {10.1145/1810085.1810120},
	Isbn = {978-1-4503-0018-6},
	Keywords = {autotuning, empirical performance tuning, specialization},
	Location = {Tsukuba, Ibaraki, Japan},
	Numpages = {10},
	Pages = {253--262},
	Publisher = {ACM},
	Series = {ICS '10},
	Title = {Speeding up Nek5000 with autotuning and specialization},
	Url = {http://doi.acm.org/10.1145/1810085.1810120},
	Year = {2010},
	Bdsk-Url-1 = {http://doi.acm.org/10.1145/1810085.1810120},
	Bdsk-Url-2 = {http://dx.doi.org/10.1145/1810085.1810120}}

@inproceedings{interface,
	Acmid = {1964546},
	Address = {Berlin, Heidelberg},
	Author = {Rudy, Gabe and Khan, Malik Murtaza and Hall, Mary and Chen, Chun and Chame, Jacqueline},
	Booktitle = {Proceedings of the 23rd international conference on Languages and compilers for parallel computing},
	Isbn = {978-3-642-19594-5},
	Location = {Houston, TX},
	Numpages = {15},
	Pages = {136--150},
	Publisher = {Springer-Verlag},
	Series = {LCPC'10},
	Title = {A programming language interface to describe transformations and code generation},
	Url = {http://dl.acm.org/citation.cfm?id=1964536.1964546},
	Year = {2011},
	Bdsk-Url-1 = {http://dl.acm.org/citation.cfm?id=1964536.1964546}}

@techreport{chill,
	Author = {Chun Chen and Jacqueline Chame and Mary Hall},
	Institution = {University of Utah},
	Title = {{CHiLL}: A framework for composing high-level loop transformations},
	Year = {2008}}

@phdthesis{harmony,
	Author = {Antana Tiwari},
	School = {University of Maryland, College Park},
	Title = {Tuning Parallel Applications in Parallel},
	Year = {2011}}

@inproceedings{adaptive,
	Acmid = {2059525},
	Address = {Washington, DC, USA},
	Author = {Tiwari, Ananta and Hollingsworth, Jeffrey K.},
	Booktitle = {Proceedings of the 2011 IEEE International Parallel \& Distributed Processing Symposium},
	Doi = {10.1109/IPDPS.2011.86},
	Isbn = {978-0-7695-4385-7},
	Numpages = {14},
	Pages = {879--892},
	Publisher = {IEEE Computer Society},
	Series = {IPDPS '11},
	Title = {Online Adaptive Code Generation and Tuning},
	Url = {http://dx.doi.org/10.1109/IPDPS.2011.86},
	Year = {2011},
	Bdsk-Url-1 = {http://dx.doi.org/10.1109/IPDPS.2011.86}}

@inproceedings{framework,
	Acmid = {1587552},
	Address = {Washington, DC, USA},
	Author = {Tiwari, Ananta and Chen, Chun and Chame, Jacqueline and Hall, Mary and Hollingsworth, Jeffrey K.},
	Booktitle = {Proceedings of the 2009 IEEE International Symposium on Parallel \& Distributed Processing},
	Doi = {10.1109/IPDPS.2009.5161054},
	Isbn = {978-1-4244-3751-1},
	Numpages = {12},
	Pages = {1--12},
	Publisher = {IEEE Computer Society},
	Series = {IPDPS '09},
	Title = {A scalable auto-tuning framework for compiler optimization},
	Url = {http://dx.doi.org/10.1109/IPDPS.2009.5161054},
	Year = {2009},
	Bdsk-Url-1 = {http://dx.doi.org/10.1109/IPDPS.2009.5161054}}

@article{full,
	Acmid = {2020807},
	Address = {Thousand Oaks, CA, USA},
	Author = {Tiwari, Ananta and Hollingsworth, Jeffrey K and Chun Chen and Hall, Mary and Chunhua Liao and Quinlan, Daniel J and Chame, Jacqueline},
	Doi = {10.1177/1094342011414744},
	Issn = {1094-3420},
	Issue_Date = {August 2011},
	Journal = {Int. J. High Perform. Comput. Appl.},
	Keywords = {Active Harmony, CHiLL, PERI, ROSE, offline auto-tuning},
	Month = aug,
	Number = {3},
	Numpages = {9},
	Pages = {286--294},
	Publisher = {Sage Publications, Inc.},
	Title = {Auto-tuning full applications: A case study},
	Url = {http://dx.doi.org/10.1177/1094342011414744},
	Volume = {25},
	Year = {2011},
	Bdsk-Url-1 = {http://dx.doi.org/10.1177/1094342011414744}}

@article{anytime,
	Acmid = {1248692},
	Author = {Esmeir, Saher and Markovitch, Shaul},
	Issn = {1532-4435},
	Issue_Date = {5/1/2007},
	Journal = {J. Mach. Learn. Res.},
	Month = may,
	Numpages = {43},
	Pages = {891--933},
	Publisher = {JMLR.org},
	Title = {Anytime Learning of Decision Trees},
	Url = {http://dl.acm.org/citation.cfm?id=1248659.1248692},
	Volume = {8},
	Year = {2007},
	Bdsk-Url-1 = {http://dl.acm.org/citation.cfm?id=1248659.1248692}}

@book{c45,
	Address = {San Francisco, CA, USA},
	Author = {Quinlan, J. Ross},
	Isbn = {1-55860-238-0},
	Publisher = {Morgan Kaufmann Publishers Inc.},
	Title = {C4.5: programs for machine learning},
	Year = {1993}}

@article{id3,
	Acmid = {637969},
	Address = {Hingham, MA, USA},
	Author = {Quinlan, J. R.},
	Doi = {10.1023/A:1022643204877},
	Issn = {0885-6125},
	Journal = {Mach. Learn.},
	Keywords = {classification, decision trees, expert systems, induction, information theory, knowledge acquisition},
	Month = mar,
	Number = {1},
	Numpages = {26},
	Pages = {81--106},
	Publisher = {Kluwer Academic Publishers},
	Title = {Induction of Decision Trees},
	Url = {http://dx.doi.org/10.1023/A:1022643204877},
	Volume = {1},
	Year = {1986},
	Bdsk-Url-1 = {http://dx.doi.org/10.1023/A:1022643204877}}

@article{weka,
	Acmid = {1656278},
	Address = {New York, NY, USA},
	Author = {Hall, Mark and Frank, Eibe and Holmes, Geoffrey and Pfahringer, Bernhard and Reutemann, Peter and Witten, Ian H.},
	Doi = {10.1145/1656274.1656278},
	Issn = {1931-0145},
	Issue_Date = {June 2009},
	Journal = {SIGKDD Explor. Newsl.},
	Month = nov,
	Number = {1},
	Numpages = {9},
	Pages = {10--18},
	Publisher = {ACM},
	Title = {The {WEKA} data mining software: an update},
	Url = {http://doi.acm.org/10.1145/1656274.1656278},
	Volume = {11},
	Year = {2009},
	Bdsk-Url-1 = {http://doi.acm.org/10.1145/1656274.1656278},
	Bdsk-Url-2 = {http://dx.doi.org/10.1145/1656274.1656278}}

@inproceedings{classifier,
	Acmid = {2081905},
	Address = {Berlin, Heidelberg},
	Author = {Li Xiaoming and Garzar\'{a}n, Mar\'{\i}a Jes\'{u}s},
	Booktitle = {Proceedings of the 18th International Conference on Languages and Compilers for Parallel Computing},
	Date-Added = {2012-05-30 00:13:42 +0000},
	Date-Modified = {2012-05-30 01:53:43 +0000},
	Isbn = {3-540-69329-7, 978-3-540-69329-1},
	Location = {Hawthorne, NY},
	Numpages = {15},
	Pages = {121--135},
	Publisher = {Springer-Verlag},
	Series = {LCPC'05},
	Title = {Optimizing matrix multiplication with a classifier learning system},
	Year = {2006}}

@inproceedings{sorting,
	Acmid = {1048979},
	Address = {Washington, DC, USA},
	Author = {Li, Xiaoming and Garzaran, Maria Jesus and Padua, David},
	Booktitle = {Proceedings of the International Symposium on Code Generation and Optimization},
	Date-Added = {2012-05-30 00:12:49 +0000},
	Date-Modified = {2012-05-30 00:12:49 +0000},
	Isbn = {0-7695-2298-X},
	Numpages = {12},
	Pages = {99--110},
	Publisher = {IEEE Computer Society},
	Series = {CGO '05},
	Title = {Optimizing Sorting with Genetic Algorithms},
	Year = {2005}}

@inproceedings{unroll,
	Acmid = {1048981},
	Address = {Washington, DC, USA},
	Author = {Stephenson, Mark and Amarasinghe, Saman},
	Booktitle = {Proceedings of the International Symposium on Code Generation and Optimization},
	Doi = {10.1109/CGO.2005.29},
	Isbn = {0-7695-2298-X},
	Numpages = {12},
	Pages = {123--134},
	Publisher = {IEEE Computer Society},
	Series = {CGO '05},
	Title = {Predicting Unroll Factors Using Supervised Classification},
	Url = {http://dx.doi.org/10.1109/CGO.2005.29},
	Year = {2005},
	Bdsk-Url-1 = {http://dx.doi.org/10.1109/CGO.2005.29}}

@inproceedings{heuristics,
	Acmid = {677574},
	Address = {London, UK, UK},
	Author = {Monsifrot, Antoine and Bodin, Fran\c{c}ois and Quiniou, Rene},
	Booktitle = {Proceedings of the 10th International Conference on Artificial Intelligence: Methodology, Systems, and Applications},
	Isbn = {3-540-44127-1},
	Keywords = {boosting, compiler heuristics, decision tree, loop unrolling},
	Numpages = {10},
	Pages = {41--50},
	Publisher = {Springer-Verlag},
	Series = {AIMSA '02},
	Title = {A Machine Learning Approach to Automatic Production of Compiler Heuristics},
	Url = {http://dl.acm.org/citation.cfm?id=646053.677574},
	Year = {2002},
	Bdsk-Url-1 = {http://dl.acm.org/citation.cfm?id=646053.677574}}

@inproceedings{counters,
	Acmid = {1252540},
	Address = {Washington, DC, USA},
	Author = {Cavazos, John and Fursin, Grigori and Agakov, Felix and Bonilla, Edwin and O'Boyle, Michael F. P. and Temam, Olivier},
	Booktitle = {Proceedings of the International Symposium on Code Generation and Optimization},
	Doi = {10.1109/CGO.2007.32},
	Isbn = {0-7695-2764-7},
	Numpages = {13},
	Pages = {185--197},
	Publisher = {IEEE Computer Society},
	Series = {CGO '07},
	Title = {Rapidly Selecting Good Compiler Optimizations using Performance Counters},
	Url = {http://dx.doi.org/10.1109/CGO.2007.32},
	Year = {2007},
	Bdsk-Url-1 = {http://dx.doi.org/10.1109/CGO.2007.32}}

@article{collective,
	Acmid = {1880047},
	Address = {New York, NY, USA},
	Articleno = {20},
	Author = {Fursin, Grigori and Temam, Olivier},
	Doi = {10.1145/1880043.1880047},
	Issn = {1544-3566},
	Issue_Date = {December 2010},
	Journal = {ACM Trans. Archit. Code Optim.},
	Keywords = {Collective optimization, adaptive compiler, collective optimization database, continuous optimization, function cloning, iterative compilation, multiple datasets, program characterization, program reaction to optimization, runtime adaptation, self-tuning computing systems, statistical optimization},
	Month = dec,
	Number = {4},
	Numpages = {29},
	Pages = {20:1--20:29},
	Publisher = {ACM},
	Title = {Collective optimization: A practical collaborative approach},
	Url = {http://doi.acm.org/10.1145/1880043.1880047},
	Volume = {7},
	Year = {2010},
	Bdsk-Url-1 = {http://doi.acm.org/10.1145/1880043.1880047},
	Bdsk-Url-2 = {http://dx.doi.org/10.1145/1880043.1880047},
	Bdsk-File-1 = {YnBsaXN0MDDUAQIDBAUIJidUJHRvcFgkb2JqZWN0c1gkdmVyc2lvblkkYXJjaGl2ZXLRBgdUcm9vdIABqAkKFRYXGyIjVSRudWxs0wsMDQ4RFFpOUy5vYmplY3RzV05TLmtleXNWJGNsYXNzog8QgASABqISE4ACgAOAB1lhbGlhc0RhdGFccmVsYXRpdmVQYXRo0hgNGRpXTlMuZGF0YU8RAZ4AAAAAAZ4AAgAABT8/PyMyAAAAAAAAAAAAAAAAAAAAAAAAAAAAAMtpfT9IKwAAAARLBxUxMC4xMDAyJTJGc3BlLjg0NC5iaWIAAAAAAAAAAAAAAAAAAAAAAAAAAAAAAAAAAAAAAAAAAAAAAAAAAAAAAAABVGZSy/G2qAAAAAAAAAAAAAIAAgAACSAAAAAAAAAAAAAAAAAAAAAJRG93bmxvYWRzAAAQAAgAAMtp7b8AAAARAAgAAMvyGRgAAAABAAwABEsHAARKvQAAvxIAAgA3Pz8/IzI6VXNlcnM6AG5jaGFpbW92OgBEb3dubG9hZHM6ADEwLjEwMDIlMkZzcGUuODQ0LmJpYgAADgAsABUAMQAwAC4AMQAwADAAMgAlADIARgBzAHAAZQAuADgANAA0AC4AYgBpAGIADwAgAA8DsgAtAEcAYQBsAGEAYwB0AG8AcwBpAGQAYQBzAGUAEgAuVXNlcnMvbmNoYWltb3YvRG93bmxvYWRzLzEwLjEwMDIlMkZzcGUuODQ0LmJpYgATAAEvAAAVAAIAD///AACABdIcHR4fWCRjbGFzc2VzWiRjbGFzc25hbWWjHyAhXU5TTXV0YWJsZURhdGFWTlNEYXRhWE5TT2JqZWN0XxAlLi4vLi4vRG93bmxvYWRzLzEwLjEwMDIlMkZzcGUuODQ0LmJpYtIcHSQloiUhXE5TRGljdGlvbmFyeRIAAYagXxAPTlNLZXllZEFyY2hpdmVyAAgAEQAWAB8AKAAyADUAOgA8AEUASwBSAF0AZQBsAG8AcQBzAHYAeAB6AHwAhgCTAJgAoAJCAkQCSQJSAl0CYQJvAnYCfwKnAqwCrwK8AsEAAAAAAAACAQAAAAAAAAAoAAAAAAAAAAAAAAAAAAAC0w==}}

@inproceedings{hetero,
	Author = {Kunzman, D.M. and Kale, L.V.},
	Booktitle = {Parallel and Distributed Processing Workshops and Phd Forum (IPDPSW), 2011 IEEE International Symposium on},
	Doi = {10.1109/IPDPS.2011.377},
	Issn = {1530-2075},
	Keywords = {Cell hardware design;Cell processor;GPGPU hardware design;MIC hardware design;accelerators;application code;code complexity;general purpose graphics processing units;heterogeneous system programming;many integrated core;molecular dynamics program;parallel program;x86 processor;computer graphic equipment;coprocessors;parallel programming;},
	Month = {May},
	Pages = {2061 -2064},
	Title = {Programming Heterogeneous Systems},
	Year = {2011},
	Bdsk-Url-1 = {http://dx.doi.org/10.1109/IPDPS.2011.377}}

@inproceedings{cloud,
	Abstract = {{In this article we describe the application of HPC standard benchmark tests to Amazon's EC2 cloud computing system, in order to explore the utility of EC2 for modest HPC style applications. Based on these benchmarks we find that the EC2 cloud system is emerging as a credible solution for supporting responsive on-demand, small sized, HPC applications. We illustrate this point with a demonstration of a low-order coupled atmosphere-ocean simulation running in parallel on an EC2 system. This demonstration highlights one significant way in which cloud computing could impact traditional HPC computing paradigms that, together with related ease-of-use technologies (described only briefly in this paper), could shift the manner in which many HPC systems are deployed.}},
	Author = {Evangelinos, Constantinos and Hill, Chris N.},
	Booktitle = {Cloud Computing and Its Applications},
	Citeulike-Article-Id = {3523379},
	Citeulike-Linkout-0 = {http://www.cca08.org/speakers/evangelinos.php},
	Date-Modified = {2012-06-03 20:01:35 +0000},
	Day = {22-23},
	Institution = {Massachusetts Institute of Technology},
	Keywords = {amazon, article, cloud, computing, mathematica},
	Location = {Chicago, IL},
	Month = oct,
	Posted-At = {2008-11-16 19:11:39},
	Priority = {2},
	Title = {Cloud Computing for parallel Scientific {HPC} Applications: Feasibility of Running Coupled Atmosphere-Ocean Climate Models on Amazon's {EC2}},
	Url = {http://www.cca08.org/speakers/evangelinos.php},
	Year = {2008},
	Bdsk-Url-1 = {http://www.cca08.org/speakers/evangelinos.php}}

@techreport{poet,
	Author = {Qing Yi},
	Date-Added = {2012-05-29 23:16:51 +0000},
	Date-Modified = {2012-05-29 23:18:39 +0000},
	Institution = {University of Texas at San Antonio},
	Number = {CS-TR-2010-012},
	Title = {Automated Performance Code Transformation For Portable Performance Tuning},
	Year = {2010}}

@phdthesis{datamining,
	Author = {Kevin Huck},
	Month = {March},
	School = {University of Oregon},
	Title = {Knowledge Support for Parallel Performance Data Mining},
	Year = {2009}}

@inproceedings{perfexplorer,
	Acmid = {1105806},
	Address = {Washington, DC, USA},
	Author = {Huck, Kevin A. and Malony, Allen D.},
	Booktitle = {Proceedings of the 2005 ACM/IEEE conference on Supercomputing},
	Date-Modified = {2012-06-04 08:38:59 +0000},
	Doi = {10.1109/SC.2005.55},
	Isbn = {1-59593-061-2},
	Pages = {41--53},
	Publisher = {IEEE Computer Society},
	Series = {SC '05},
	Title = {{PerfExplorer}: A Performance Data Mining Framework For Large-Scale Parallel Computing},
	Url = {http://dx.doi.org/10.1109/SC.2005.55},
	Year = {2005},
	Bdsk-Url-1 = {http://dx.doi.org/10.1109/SC.2005.55}}

@article{tau,
	Acmid = {1125982},
	Address = {Thousand Oaks, CA, USA},
	Author = {Shende, Sameer S. and Malony, Allen D.},
	Doi = {10.1177/1094342006064482},
	Issn = {1094-3420},
	Issue_Date = {May 2006},
	Journal = {Int. J. High Perform. Comput. Appl.},
	Keywords = {Performance evaluation, TAU, analysis, instrumentation, measurement},
	Month = may,
	Number = {2},
	Numpages = {25},
	Pages = {287--311},
	Publisher = {Sage Publications, Inc.},
	Title = {The {TAU} Parallel Performance System},
	Url = {http://dx.doi.org/10.1177/1094342006064482},
	Volume = {20},
	Year = {2006},
	Bdsk-Url-1 = {http://dx.doi.org/10.1177/1094342006064482}}

@inproceedings{pdt,
	Acmid = {370456},
	Address = {Washington, DC, USA},
	Articleno = {49},
	Author = {Lindlan, Kathleen A. and Cuny, Janice and Malony, Allen D. and Shende, Sameer and Juelich, Forschungszentrum and Rivenburgh, Reid and Rasmussen, Craig and Mohr, Bernd},
	Booktitle = {Proceedings of the 2000 ACM/IEEE conference on Supercomputing (CDROM)},
	Isbn = {0-7803-9802-5},
	Location = {Dallas, Texas, United States},
	Publisher = {IEEE Computer Society},
	Series = {Supercomputing '00},
	Title = {A tool framework for static and dynamic analysis of object-oriented software with templates},
	Url = {http://dl.acm.org/citation.cfm?id=370049.370456},
	Year = {2000},
	Bdsk-Url-1 = {http://dl.acm.org/citation.cfm?id=370049.370456}}

@inproceedings{outlining,
	Acmid = {2155268},
	Address = {Berlin, Heidelberg},
	Author = {Liao, Chunhua and Quinlan, Daniel J. and Vuduc, Richard and Panas, Thomas},
	Booktitle = {Proceedings of the 22nd international conference on Languages and Compilers for Parallel Computing},
	Doi = {10.1007/978-3-642-13374-9_21},
	Isbn = {3-642-13373-8, 978-3-642-13373-2},
	Location = {Newark, DE},
	Numpages = {15},
	Pages = {308--322},
	Publisher = {Springer-Verlag},
	Series = {LCPC'09},
	Title = {Effective source-to-source outlining to support whole program empirical optimization},
	Url = {http://dx.doi.org/10.1007/978-3-642-13374-9_21},
	Year = {2010},
	Bdsk-Url-1 = {http://dx.doi.org/10.1007/978-3-642-13374-9_21}}

@article{rose,
	Author = {Daniel J. Quinlan},
	Bibsource = {DBLP, http://dblp.uni-trier.de},
	Journal = {Parallel Processing Letters},
	Number = {2/3},
	Pages = {215-226},
	Title = {{ROSE}: Compiler Support for Object-Oriented Frameworks},
	Volume = {10},
	Year = {2000}}

@inproceedings{atlas,
	Acmid = {509096},
	Address = {Washington, DC, USA},
	Author = {Whaley, R. Clint and Dongarra, Jack J.},
	Booktitle = {Proceedings of the 1998 ACM/IEEE conference on Supercomputing (CDROM)},
	Isbn = {0-89791-984-X},
	Keywords = {BLAS, code generation, high performance, linear algebra, optimization, tuning},
	Location = {San Jose, CA},
	Numpages = {27},
	Pages = {1--27},
	Publisher = {IEEE Computer Society},
	Series = {Supercomputing '98},
	Title = {Automatically tuned linear algebra software},
	Url = {http://dl.acm.org/citation.cfm?id=509058.509096},
	Year = {1998},
	Bdsk-Url-1 = {http://dl.acm.org/citation.cfm?id=509058.509096}}

@article{empatlas,
	Author = {Clint Whaley and Antoine Petitet and Jack J. Dongarra},
	Journal = {Parallel Computing},
	Pages = {2001},
	Title = {Automated Empirical Optimization of Software and the {ATLAS} Project},
	Volume = {27},
	Year = {2000}}

@comment{BibDesk Static Groups{
<?xml version="1.0" encoding="UTF-8"?>
<!DOCTYPE plist PUBLIC "-//Apple//DTD PLIST 1.0//EN" "http://www.apple.com/DTDs/PropertyList-1.0.dtd">
<plist version="1.0">
<array>
	<dict>
		<key>group name</key>
		<string>used</string>
		<key>keys</key>
		<string>full,cloud,hetero,adapt,framework</string>
	</dict>
</array>
</plist>
}}
